@article{finn2017maml,
  title={Model-Agnostic Meta-Learning for Fast Adaptation of Deep Networks},
  author={Finn, Chelsea and Abbeel, Pieter and Levine, Sergey},
  journal={ICML},
  year={2017},
  eprint={1703.03400},
  archivePrefix={arXiv},
  primaryClass={cs.LG}
}

@article{elsken2019neural,
  title={Neural Architecture Search: A Survey},
  author={Elsken, Thomas and Metzen, Jan Hendrik and Hutter, Frank},
  journal={Journal of Machine Learning Research},
  volume={20},
  pages={1--21},
  year={2019}
}

@article{christiano2018amplification,
  title={Supervising strong learners by amplifying weak experts},
  author={Christiano, Paul and et al.},
  journal={arXiv preprint arXiv:1810.08575},
  year={2018}
}

@inproceedings{irving2018ai,
  title={AI safety via debate},
  author={Irving, Geoffrey and Amodei, Dario and Christiano, Paul and Amodei, Sam},
  booktitle={NeurIPS},
  year={2018}
}

@book{bostrom2014superintelligence,
  title={Superintelligence: Paths, dangers, strategies},
  author={Bostrom, Nick},
  year={2014},
  publisher={Oxford University Press}
}

@book{wiener1948cybernetics,
  title={Cybernetics: Or Control and Communication in the Animal and the Machine},
  author={Wiener, Norbert},
  year={1948},
  publisher={MIT Press}
}

@book{ashby1956ic,
  title={An Introduction to Cybernetics},
  author={Ashby, W. Ross},
  year={1956},
  publisher={Chapman and Hall}
}

@inproceedings{vonfoerster1974principles,
  title={Principles of self-organization in socio-managerial context},
  author={von Foerster, Heinz},
  booktitle={Self-Organizing Systems},
  year={1974},
  publisher={Springer}
}

@article{andrychowicz2016learning,
  title={Learning to learn by gradient descent by gradient descent},
  author={Andrychowicz, Marcin and Denil, Misha and Gomez, Sergio and Hoffman, Matthew W and Pfau, David and Schaul, Tom and Shillingford, Brendan and de Freitas, Nando},
  journal={NeurIPS},
  year={2016}
}

@article{ha2016hypernetworks,
  title={Hypernetworks},
  author={Ha, David and Schmidhuber, Juergen},
  journal={arXiv preprint arXiv:1609.09106},
  year={2016}
}

@article{nichol2018reptile,
  title={Reptile: A Scalable Meta-Learning Algorithm},
  author={Nichol, Alex and Achiam, Joshua and Schulman, John},
  journal={arXiv preprint arXiv:1803.02999},
  year={2018}
}

@inproceedings{zoph2016neural,
  title={Neural Architecture Search with Reinforcement Learning},
  author={Zoph, Barret and Le, Quoc V},
  booktitle={International Conference on Learning Representations (ICLR)},
  year={2017}
}

@inproceedings{feurer2015efficient,
  title={Efficient and Robust Automated Machine Learning},
  author={Feurer, Matthias and Klein, Aaron and Eggensperger, Stefan and Springenberg, Jost Tobias and Doerr, Manuel and Frank, Hutter},
  booktitle={NeurIPS},
  year={2015}
}
